<record><leader>00000cas a2200000 a 4500</leader><controlfield tag="001">13917776</controlfield><controlfield tag="008">860723d19851986ohuwr ne      0   a0eng d</controlfield><datafield ind1=" " ind2=" " tag="010"><subfield code="a">sn 88077417 </subfield></datafield><datafield ind1=" " ind2=" " tag="040"><subfield code="a">CGT</subfield><subfield code="b">eng</subfield><subfield code="c">CGT</subfield><subfield code="d">ONP</subfield><subfield code="d">OCL</subfield><subfield code="d">OCLCQ</subfield></datafield><datafield ind1=" " ind2=" " tag="042"><subfield code="a">msc</subfield></datafield><datafield ind1=" " ind2=" " tag="043"><subfield code="a">n-us-oh</subfield></datafield><datafield ind1=" " ind2=" " tag="090"><subfield code="a">F499.C5</subfield><subfield code="b">C65x</subfield></datafield><datafield ind1="0" ind2="0" tag="245"><subfield code="a">Community journal south.</subfield></datafield><datafield ind1=" " ind2=" " tag="260"><subfield code="a">Cincinnati, Ohio :</subfield><subfield code="b">Cincinnati Suburban Press,</subfield><subfield code="c">-1986.</subfield></datafield><datafield ind1=" " ind2=" " tag="300"><subfield code="a">v. :</subfield><subfield code="b">ill.</subfield></datafield><datafield ind1=" " ind2=" " tag="310"><subfield code="a">Weekly</subfield></datafield><datafield ind1="1" ind2=" " tag="362"><subfield code="a">Began in 1984.</subfield></datafield><datafield ind1="0" ind2=" " tag="362"><subfield code="a">Vol. 15, no. 31 (June 4, 1985)-v. 16, no. 48 (Sept. 23, 1986).</subfield></datafield><datafield ind1="2" ind2=" " tag="710"><subfield code="a">Cincinnati Suburban Press.</subfield></datafield><datafield ind1=" " ind2=" " tag="752"><subfield code="a">United States</subfield><subfield code="b">Ohio</subfield><subfield code="c">Hamilton</subfield><subfield code="d">Cincinnati.</subfield></datafield><datafield ind1="0" ind2=" " tag="775"><subfield code="t">Community journal north</subfield><subfield code="w">(DLC)sn 88077419</subfield></datafield><datafield ind1="0" ind2="0" tag="780"><subfield code="t">Community journal (Cincinnati, Ohio : Southern ed.)</subfield><subfield code="w">(DLC)sn 88077445</subfield></datafield><datafield ind1="0" ind2="0" tag="785"><subfield code="t">Community journal-press south</subfield><subfield code="w">(DLC)sn 88077418</subfield></datafield></record>